868 1240
232 0 506 69 Oeoiwati.
54 36 582 98 Tillit may noe more simper doe notccase,
47 94 682 134 And yetlonge Continuance may not caufe increafe.
47 127 598 169 Rememberthat Water willbuble and boyle,
46 163 543 202 But Butter must simper andalso Oyle.
46 199 541 236 And soe withlong leafure it will waste,
48 223 508 266 Andnot with bubling made in hafte:
47 264 552 302 Fordoubt of perrills many moethenone.
48 293 492 332 And for fupergression ofour ftone.
49 322 589 372 Amongft groffe Workes the fowleft of all
47 355 479 392 Is to clarifie our meanes Minerall.
49 387 538 432 Extremities may not be well wronght,
51 422 530 465 Withour many Meanes wisely fought.
48 455 529 498 Andeverie Meane mustbe made purc,
48 489 467 523 Ifthis worke fhulde be made fure.
49 521 513 559 For foule and cleane by naturall lawe.
47 552 639 603 Hath greate difcord, and foe hath ripe and rawe.
48 588 552 627 Stedfaft to ftedfaft will it felle combinde,
47 620 582 657 And fleeting to fleeting will draweby kinde:
47 654 599 697 Andever where asthe Concordanceis more,
47 686 617 727 Natures will drawe that were elswhere before;
52 719 552 769 Thisgroffe Worke is fowle in her kinde,
51 750 518 786 Andfull of perrills as yeshall it finde.
54 784 533 822 Nomans wirt can him soe much availe,
49 817 556 853 But that fometymehe fhall make afayle.
48 850 575 896 As well as the Lay-man soe fhall the Clerke,
49 883 508 920 And all that labour the groffe werke:
55 917 531 956 Whereof Anaxagoras laid trewlie thus,
51 949 500 994 Nemo primo fronte reperitur discretus.
48 980 449 1034 Andonce Iheard a wise man say.
45 1013 401 1055 How in Catilonia at this day,
49 1040 500 1090 Magnetia with Minerall meanes all,
51 1078 478 1117 Bemadeto faleit ye forthem call,
55 1108 534 1155 Whereby the honds of acleanly Clerke,
48 1144 539 1201 Shall norbe filed abour fo foule a werke.
783 12 831 74 47
743 66 842 117 Chap.4.
